@generic{constitution,
	title={Конституция Российской Федерации}
}

@generic{grcodex,
	title={Гражданский кодекс Российской Федерации}
}

@generic{ugcodex,
	title={Уголовный кодекс Российской Федерации}
}

@generic{admcodex,
	title={Кодекс Российской Федерации об административных правонарушениях}
}

@generic{upcodex,
	title={Уголовно-процессуальный кодекс Российской Федерации от 18.12.2001 N 174-ФЗ (ред. от 12.11.2018)}
}

@generic{informlaw,
	title={Федеральный закон "Об информации, информатизации и защите информации" от 20.02.1995 N 24-ФЗ}
}

@generic{svyazlaw,
	title={Федеральный закон "О связи" от 07.07.2003 N 126-ФЗ}
}

@generic{barterlaw,
	title={Федеральный закон от 04.07.1996 N 85-ФЗ (ред. от 29.06.2004) "Об участии в международном информационном обмене"}
}

@generic{ecplaw,
	title={Федеральный закон от 06.04.2011 N 63-ФЗ (ред. от 23.06.2016) "Об электронной подписи"}
}

@generic{GOST7082013,
	title={ГОСТ Р 7.0.8-2013 СИБИД. Делопроизводство и архивное дело. Термины и определения}
}