@generic{GOST1910578,
	title={ГОСТ 19.105-78 Общие требования к программным документам}
}

@generic{GOST1910678,
	title={ГОСТ 19.106-78 Требования к программным документам, выполненным печатным способом}
}

@generic{GOST1920178,
	title={ГОСТ 19.201-78 Техническое задание. Требования к содержанию и оформлению}
}

@generic{GOST1930178,
	title={ГОСТ 19.301-78 Программа и методика испытаний. Требования к содержанию и оформлению}
}

@generic{GOST1940178,
	title={ГОСТ 19.401-78 Текст программы. Требования к содержанию и оформлению}
}

@generic{GOST1940278,
	title={ГОСТ 19.402-78 Описание программы. Требования к содержанию и оформлению}
}

@generic{GOST1950579,
	title={ГОСТ 19.505-79 Руководство оператора. Требования к содержанию и оформлению}
}

@generic{GOST1970190,
	title={ГОСТ 19.701-90 Схемы алгоритмов, программ, данных и систем. Условные обозначения и правила выполнения}
}