@generic          {  BookRef,
  author       = "Автор, И. О. and Другой, И. О. ",
  title        = "Название Книги",
  publisher    = "Издатель",
  year         = "2011",
  language     = "russian"
}
