@book{2012,
	address = {СПб},
	author = {Новиков Б.Ю., Колосов Ю.В.},
	pages = {74},
	publisher = {НИУ ИТМО},
	title = {{Проектирование и расчет систем и средств обеспечения безопасности труда}},
	year = {2012}
}
