@book{audit,
	author="Скабцов, Николай ",
	title="Аудит безопасности информационных систем",
	publisher="Питер",
	year=2018,
	numpages=272
}

@book{osob,
	author="Масалков, Андрей ",
	title="Особенности киберпреступлений. Инструменты нападения и защита информации",
	publisher="ДМК Пресс",
	year=2018,
	numpages=226
}

@book{infobez,
	author="Шаньгин, Владимир ",
	title="Информационная безопасность и защита информации",
	publisher="ДМК Пресс",
	year=2017,
	numpages=702
}
@BOOK{Ivanova,
	author = "Иванова, Н.Ю.. and Романова, Е.Б.",
	title = "Составление и оформление документов. Методическое пособие. 2 редакция",
	address = "СПб.",
	publisher = "Университет ИТМО, ЦДО",
	year = 2018,
	numpages = 60,
	language = "russian"
}

@GENERIC{GOST50922,
	title="ГОСТ Р 50922-2006. Защита информации. Основные термины и определения"
}

@GENERIC{RD,
	title="Руководящий документ <<ЗАЩИТА ОТ НЕСАНКЦИОНИРОВАННОГО ДОСТУПА К
	ИНФОРМАЦИИ. ТЕРМИНЫ И ОПРЕДЕЛЕНИЯ>>"
}
