@book{2004,
	address = {Москва},
	author = {Курамшин Ю.Ф., Григорьев В. И., Латышева, Н. Е.},
	pages = {463},
	publisher = {Советский спорт},
	title = {{Теория и методика физической культуры}},
	year = {2004}
}
@book{2010,
	address = {СПб},
	author = {Григорьев В. И., Давиденко Д.Н., Малинина, С.В.},
	isbn = {9785731025379},
	pages = {228},
	publisher = {Изд-во СПбГУЭФ},
	title = {{Фитнес-культура студентов: теория и практика}},
	year = {2010}
}
@book{2002,
	author = {Амосов Н. М.},
	isbn = {5170132034},
	title = {{Энциклопедия Амосова}},
	year = {2002}
}
@book{2014,
	author = {Беланов А.Э., Гончарова Ю.А.},
	title = {{Образ жизни и его отражение в профессиональной деятельности}},
	year = {2014}
}
@book{2016,
	address = {Москва},
	author = {Виленский М. Я.,  Горшков А. Г.},
	isbn = {9785406050811},
	title = {{Физическая культура}},
	year = {2016}
}
@book{1991,
	author = {Матвеев Л.П.},
	isbn = {527800326X},
	pages = {543},
	title = {{Теория и методика физической культуры}},
	year = {1991}
}
@book{2003,
	author = {Евсеев Ю.И.},
	isbn = {5222025594},
	pages = {384},
	title = {{Физическая культура}},
	year = {2003}
}
@book{2008,
	author = {Иваницкий М. Ф.},
	isbn = {9785903639069},
	pages = {624},
	title = {{Анатомия человека}},
	year = {2008}
}

