@generic{GOST50922,
title={ГОСТ Р 50922-2006 <<Защита информации. Основные термины и определения>>}
}
@generic{YA2008,
author = {В.И., Ярочкин},
isbn = {978-5-8291-0987-5},
pages = {544},
publisher = {Академический проект},
title = {{Информационная безопасность}},
year = {2008}
}
@generic{YA2005,
author = {Эриксон Джон},
isbn = {978-5-4461-0712-4},
pages = {496},
title = {Хакинг. Искусство эксплойта},
publisher = {{Библиотека программиста}},
year = {2018}
}

