@BOOK {GUSEV,
    author    = "Ю. А. Ануфриев and В. Н. Гусев and В. Ф. Смирнов",
    title     = "Эксплуатационные характеристики и надежность электрических конденсаторов",
    publisher = "Энергия",
    year      = "1976"
}
@BOOK {ERMUR,
    author    = "В. В. Ермуратский and П. В. Ермуратский",
    title     = "Конденсаторы переменного тока в тиристорных преобразователях.",
    publisher = "Энергия",
    year      = "1979"
}
@BOOK {DYAK,
    author    = "M. Н. Дьяконов and В. И. Карабанов and Присняков В. И.",
    title     = "Справочник по электрическим конденсаторам",
    publisher = "Радио и связь",
    year      = "1983"
}
