@BOOK {rothammel,
    author    = "Карл Ротхаммель",
    title     = "Антенны",
    publisher = "Данвел",
    year      = "2007"
}