@book {rothammel,
	author    = "Карл Ротхаммель",
	title     = "Антенны",
	publisher = "Данвел",
	year      = "2007"
}

@book{antuch,
	author = "Юрий Зырянов",
	title = "Антенны: Учебное пособие",
	publisher = "Лань",
	year      = "2016"	
}

@generic{GOST7322011,
	title = {ГОСТ 7.32-2017 СИБИД. Отчет о научно-исследовательской работе. Структура и правила оформления},
}

@generic{GOST712003,
	title={ГОСТ 7.1-2003 СИБИД. Библиографическая запись. Библиографическое описание. Общие требования и правила составления}
}

@article{fractal,
	author = {В. Слюсар},
	title = {Фрактальные антенны},
	journaltitle = {ЭЛЕКТРОНИКА: Наука, Технология, Бизнес},
	year = {2007}
}
