@book{ivanova,
address = {СПб},
author = {Иванова, Н Ю and Романова, Е Б},
pages = {1--71},
publisher = {Университет ИТМО},
title = {СОСТАВЛЕНИЕ И ОФОРМЛЕНИЕ ДОКУМЕНТОВ},
year = {2018}
}
