@book{..2008,
author = {В.И., Ярочкин},
isbn = {978-5-8291-0987-5},
pages = {544},
publisher = {Академический проект},
title = {{Информационная безопасность}},
year = {2008}
}
@book{..2005,
author = {В.И., Ярочкин Я.В., Бузанова},
isbn = {5-902833-03-5},
pages = {352},
publisher = {Парадигма},
title = {{Аудит безопасности фирмы: теория и практика}},
year = {2005}
}
